<record><leader>01889cjm a2200385 a 4500</leader><controlfield tag="001">1373015</controlfield><controlfield tag="007">sd fjngnnmmned</controlfield><controlfield tag="008">910502s1985    enk    g            eng c</controlfield><datafield ind1="0" ind2="1" tag="028"><subfield code="a">CDA66121</subfield><subfield code="b">Hyperion</subfield></datafield><datafield ind1="0" ind2="1" tag="028"><subfield code="a">66121</subfield><subfield code="b">Hyperion</subfield></datafield><datafield ind1=" " ind2=" " tag="035"><subfield code="a">ocm16823566</subfield></datafield><datafield ind1=" " ind2=" " tag="040"><subfield code="b">eng</subfield></datafield><datafield ind1=" " ind2=" " tag="049"><subfield code="a">AEU</subfield><subfield code="b">eng</subfield></datafield><datafield ind1=" " ind2="3" tag="055"><subfield code="a">M 7</subfield><subfield code="b">T97 1985</subfield></datafield><datafield ind1="0" ind2="4" tag="082"><subfield code="a">7O86.8</subfield></datafield><datafield ind1=" " ind2=" " tag="090"><subfield code="a">M 7 T97 1985</subfield><subfield code="b">AEU</subfield></datafield><datafield ind1="0" ind2="0" tag="245"><subfield code="a">20th century organ fireworks</subfield><subfield code="h">[sound recording].</subfield></datafield><datafield ind1=" " ind2=" " tag="260"><subfield code="a">London, UK :</subfield><subfield code="b">Hyperion,</subfield><subfield code="c">p1985.</subfield></datafield><datafield ind1=" " ind2=" " tag="300"><subfield code="a">1 sound compact disc :</subfield><subfield code="b">digital, stereo ;</subfield><subfield code="c">4 3/4 in.</subfield></datafield><datafield ind1=" " ind2=" " tag="336"><subfield code="a">performed music</subfield><subfield code="b">prm</subfield><subfield code="2">rdacontent</subfield></datafield><datafield ind1=" " ind2=" " tag="337"><subfield code="a">audio</subfield><subfield code="b">s</subfield><subfield code="2">rdamedia</subfield></datafield><datafield ind1=" " ind2=" " tag="338"><subfield code="a">audio disc</subfield><subfield code="b">sd</subfield><subfield code="2">rdacarrier</subfield></datafield><datafield ind1=" " ind2=" " tag="500"><subfield code="a">Various composers.</subfield></datafield><datafield ind1=" " ind2=" " tag="500"><subfield code="a">Hyperion: CDA 66121.</subfield></datafield><datafield ind1="0" ind2=" " tag="505"><subfield code="a">Variations de concert, op. 1 / J. Bonnet -- Grand choeur triomphale in A major, op. 47, no. 2 / A. Guilmant -- March upon Handel's 'Lift up you heads', op. 15 / A. Guilmant -- Fanfare from 'Four extemporisations' / P. Whitlock -- Marche heroique / H. Brewer -- Toccata / M. Monnikendam -- Trumpet tune in D major / D. Johnson -- Finale (Allegro vivace) from Symphony no. 7 / C.M. Widor -- Alleluyas / S. Preston -- Toccata 'Now thank we all our God' / E. Hovland.</subfield></datafield><datafield ind1="0" ind2=" " tag="511"><subfield code="a">Christopher Herrick, organ (organ of Westminster Abbey).</subfield></datafield><datafield ind1=" " ind2=" " tag="518"><subfield code="a">Recorded in Westminster Abbey on 27, 28 January 1984.</subfield></datafield><datafield ind1=" " ind2=" " tag="590"><subfield code="a">University of Alberta Library Augustana copy donated in memory of Michael Kopach.</subfield><subfield code="5">CaAEU</subfield></datafield><datafield ind1=" " ind2=" " tag="596"><subfield code="a">16 38</subfield></datafield><datafield ind1=" " ind2="0" tag="650"><subfield code="a">Organ music</subfield><subfield code="y">20th century.</subfield></datafield><datafield ind1=" " ind2="0" tag="650"><subfield code="a">Compact discs.</subfield></datafield><datafield ind1="1" ind2=" " tag="700"><subfield code="a">Herrick, Christopher.</subfield></datafield><datafield ind1="0" ind2=" " tag="740"><subfield code="a">Twentieth century organ fireworks.</subfield></datafield><datafield ind1=" " ind2=" " tag="926"><subfield code="a">M 7 T97 1985</subfield><subfield code="w">LC</subfield><subfield code="c">1</subfield><subfield code="i">000036351385</subfield><subfield code="d">7/2/2004</subfield><subfield code="e">7/2/2004</subfield><subfield code="l">ON_SHELF</subfield><subfield code="m">UABARD</subfield><subfield code="n">4</subfield><subfield code="p">$150.00</subfield><subfield code="r">Y</subfield><subfield code="s">Y</subfield><subfield code="t">MUSICSOUND</subfield><subfield code="u">5/7/1991</subfield><subfield code="o">.STAFF. B0031621</subfield></datafield><datafield ind1=" " ind2=" " tag="926"><subfield code="a">M 7 T97 1985</subfield><subfield code="w">LC</subfield><subfield code="c">1</subfield><subfield code="i">0162029435268</subfield><subfield code="l">MUSIC_CD</subfield><subfield code="m">UAAUG</subfield><subfield code="r">Y</subfield><subfield code="s">Y</subfield><subfield code="t">MUSICSOUND</subfield><subfield code="u">1/5/2011</subfield></datafield></record>